@article{Saez-Castillo2013AData,
    title = {{A hyper-Poisson regression model for overdispersed and underdispersed count data}},
    year = {2013},
    journal = {Computational Statistics and Data Analysis},
    author = {S{\'{a}}ez-Castillo, A.J. and Conde-S{\'{a}}nchez, A.},
    number = {},
    volume = {61},
    doi = {10.1016/j.csda.2012.12.009},
    issn = {01679473},
    keywords = {Count data, Hyper-Poisson, Overdispersion, Regression model, Underdispersion}
}

@article{Saez-Castillo2017DetectingModel,
    title = {{Detecting over- and under-dispersion in zero inflated data with the hyper-Poisson regression model}},
    year = {2017},
    journal = {Statistical Papers},
    author = {S{\'{a}}ez-Castillo, A.J. and Conde-S{\'{a}}nchez, A.},
    number = {1},
    volume = {58},
    doi = {10.1007/s00362-015-0683-1},
    issn = {09325026},
    keywords = {Count data, Hyper-Poisson, Over-dispersion, Under-dispersion, Zero inflation}
}

@article{Rodriguez-Avi2003AParameters,
    title = {{A new class of discrete distributions with complex parameters}},
    year = {2003},
    journal = {Statistical Papers},
    author = {Rodr{\'{i}}guez-Avi, J. and Conde-S{\'{a}}nchez, A. and S{\'{a}}ez-Castillo, A.J.},
    number = {1},
    volume = {44},
    doi = {10.1007/s00362-002-0134-7},
    issn = {09325026},
    keywords = {Discrete distri butions, Estimation, Hypergeometric function, Pearson's family}
}

@article{Rodriguez2003OnFrequencies,
    title = {{On Discrete Multivariate Distributions Symmetric in Frequencies}},
    year = {2003},
    journal = {Test},
    author = {Rodr{\'{i}}guez, J. and Conde, A. and S{\'{a}}ez, A.J. and Olmo, M.J.},
    number = {2},
    volume = {12},
    issn = {11330686},
    keywords = {Gaussian hypergeometric function, Medical data, Multivariate discrete distributions, Zonal polynomials}
}

@article{Rodriguez-Avi2007LetterEditor,
    title = {{Letter to the editor}},
    year = {2007},
    journal = {Journal of the Royal Statistical Society. Series C: Applied Statistics},
    author = {Rodr{\'{i}}guez-Avi, J. and Conde-S{\'{a}}nchez, A. and S{\'{a}}ez-Castillo, A.J. and Olmo-Jim{\'{e}}nez, M.J.},
    number = {4},
    volume = {56},
    doi = {10.1111/j.1467-9876.2007.00589{\_}4.x},
    issn = {00359254}
}

@article{Rodriguez-Avi2005EstimationDistributions,
    title = {{Estimation and inference in complex triparametric pearson distributions}},
    year = {2005},
    journal = {Communications in Statistics - Theory and Methods},
    author = {Rodr{\'{i}}guez-Avi, J. and Conde-S{\'{A}}NCHEZ, A. and S{\'{a}}ez-Castillo, A.J. and Jim{\'{e}}nez, M.J.O.},
    number = {2},
    volume = {34},
    doi = {10.1081/STA-200047392},
    issn = {03610926},
    keywords = {Discrete distributions, Estimation, Hypergeometric function, Inference, Minimum {$\chi$} 2, Pearson's family}
}

@article{Olmo-Jimenez2011ADistribution,
    title = {{A generalization of the bivariate Beta-Binomial distribution}},
    year = {2011},
    journal = {Journal of Statistical Planning and Inference},
    author = {Olmo-Jim{\'{e}}nez, M.J. and Mart{\'{i}}nez-Rodr{\'{i}}guez, A.M. and Conde-S{\'{a}}nchez, A. and Rodr{\'{i}}guez-Avi, J.},
    number = {7},
    volume = {141},
    doi = {10.1016/j.jspi.2011.01.011},
    issn = {03783758},
    keywords = {Appell hypergeometric function F1, Bivariate Beta-Binomial distribution, Mixture model, Overdispersion, Purchase and consumption behaviour}
}

@article{Rodriguez-Avi2007ADistribution,
    title = {{A generalization of the beta-binomial distribution}},
    year = {2007},
    journal = {Journal of the Royal Statistical Society. Series C: Applied Statistics},
    author = {Rodr{\'{i}}guez-Avi, J. and Conde-S{\'{a}}nchez, A. and S{\'{a}}ez-Castillo, A.J. and Olmo-Jim{\'{e}}nez, M.J.},
    number = {1},
    volume = {56},
    doi = {10.1111/j.1467-9876.2007.00564.x},
    issn = {00359254},
    keywords = {Beta-binomial distribution, Conditional specification, Gaussian hypergeometric distribution, Mixture model, Overdispersion}
}

@article{Rodriguez-Avi2007GaussianData,
    title = {{Gaussian hypergeometric probability distributions for fitting discrete data}},
    year = {2007},
    journal = {Communications in Statistics - Theory and Methods},
    author = {Rodr{\'{i}}guez-Avi, J. and Conde-S{\'{a}}nchez, A. and S{\'{a}}ez-Castillo, A.J. and Olmo-Jim{\'{e}}nez, M.J.},
    number = {3},
    volume = {36},
    doi = {10.1080/03610920601001733},
    issn = {03610926},
    keywords = {Discrete distributions, Gaussian hypergeometric function, Parameter estimation}
}

@article{Avi2008TheDistribution,
    title = {{The <inf>3</inf>F<inf>2</inf> with complex parameters as generating function of discrete distribution}},
    year = {2008},
    journal = {Communications in Statistics - Theory and Methods},
    author = {Avi, J.R. and Jim{\'{e}}nez, M.J.O. and S{\'{a}}nchez, A.C. and Castillo, A.J.S.},
    number = {19},
    volume = {37},
    doi = {10.1080/03610920802087143},
    issn = {03610926},
    keywords = {Data fit, Discrete distributions, Hypergeometric functions}
}

@article{Rodriguez-Avi2007ADistributionb,
    title = {{A new generalization of the Waring distribution}},
    year = {2007},
    journal = {Computational Statistics and Data Analysis},
    author = {Rodr{\'{i}}guez-Avi, J. and Conde-S{\'{a}}nchez, A. and S{\'{a}}ez-Castillo, A.J. and Olmo-Jim{\'{e}}nez, M.J.},
    number = {12},
    volume = {51},
    doi = {10.1016/j.csda.2006.12.029},
    issn = {01679473},
    keywords = {Accident theory, Gaussian hypergeometric function, Mixture of distributions, Waring distribution}
}

@inproceedings{Rodriguez-Avi2006ExtendedDistribution,
    title = {{Extended waring bivariate distribution}},
    year = {2006},
    booktitle = {Distribution Models Theory},
    author = {Rodr{\'{i}}guez-Avi, J. and Conde-S{\'{a}}nchez, A. and S{\'{a}}ez-Castillo, A.J. and Olmo-Jim{\'{e}}nez, M.J.},
    number = {},
    volume = {},
    isbn = {9812569006}
}

@article{Martinez-Rodriguez2011ModellingDistribution,
    title = {{Modelling using an extended Yule distribution}},
    year = {2011},
    journal = {Computational Statistics and Data Analysis},
    author = {Mart{\'{i}}nez-Rodr{\'{i}}guez, A.M. and S{\'{a}}ez-Castillo, A.J. and Conde-S{\'{a}}nchez, A.},
    number = {1},
    volume = {55},
    doi = {10.1016/j.csda.2010.07.014},
    issn = {01679473},
    keywords = {Gaussian hypergeometric distributions, Statistical modelling, Yule distribution}
}

@article{Rodriguez-Avi2004AParameters,
    title = {{A triparametric discrete distribution with complex parameters}},
    year = {2004},
    journal = {Statistical Papers},
    author = {Rodriguez-Avi, J. and Conde-S{\'{a}}nchez, A. and S{\'{a}}ez-Castillo, A.J. and Olmo-Jim{\'{e}}nez, M.J.},
    number = {1},
    volume = {45},
    issn = {09325026},
    keywords = {Discrete distributions, Estimation, Hypergeometric function, Infinite divisibility, Pearson's family}
}

@article{Rodriguez-Avi2002ImplementingAnalysis,
    title = {{Implementing calculus of zonal polynomials and applications in multivariate analysis}},
    year = {2002},
    journal = {Questiio},
    author = {Rodr{\'{i}}guez-Avi, J. and S{\'{a}}ez-Castillo, A.J. and Conde-S{\'{a}}nchez, A.},
    number = {3},
    volume = {26},
    issn = {02108054},
    keywords = {Discrete distributions, Hypergeometric functions of matricial argument, Wishart distribution, Zonal polynomials}
}

@article{Rodriguez-Avi2003EstimationDistributions,
    title = {{Estimation of parameters in Gaussian hypergeometric distributions}},
    year = {2003},
    journal = {Communications in Statistics - Theory and Methods},
    author = {Rodr{\'{i}}guez-Avi, J. and Conde-S{\'{a}}nchez, A. and S{\'{a}}ez-Castillo, A.J. and Olmo Jim{\'{e}}nez, M.J.},
    number = {6},
    volume = {32},
    doi = {10.1081/STA-120021322},
    issn = {03610926},
    keywords = {Asymptotic relative efficiency, Discrete distribution, Maximum likelihood, Minimum chi-square}
}

@article{Rodriguez-Avi2005Computationalinf3/infFinf2/inf,
    title = {{Computational techniques in the study of discrete distributions generated by the function <inf>3</inf>F<inf>2</inf>}},
    year = {2005},
    journal = {Journal of Statistical Computation and Simulation},
    author = {Rodr{\'{i}}guez-Avi, J. and Conde-S{\'{a}}nchez, A. and Guti{\'{e}}rrez-J{\'{a}}imez, R.},
    number = {7},
    volume = {75},
    doi = {10.1080/00949650412331286133},
    issn = {00949655},
    keywords = {Discrete distributions, Estimation methods, Hypergeometric function, Pearson's family}
}

@article{Rodriguez-Avi2009AData,
    title = {{A generalized Waring regression model for count data}},
    year = {2009},
    journal = {Computational Statistics and Data Analysis},
    author = {Rodr{\'{i}}guez-Avi, J. and Conde-S{\'{a}}nchez, A. and S{\'{a}}ez-Castillo, A.J. and Olmo-Jim{\'{e}}nez, M.J. and Mart{\'{i}}nez-Rodr{\'{i}}guez, A.M.},
    number = {10},
    volume = {53},
    doi = {10.1016/j.csda.2009.03.013},
    issn = {01679473}
}

@article{Valero-Valenzuela2012EffectsEnjoyment,
    title = {{Effects of traditional and ludotechnical instructional approaches on the development of athletics performance, efficiency and enjoyment}},
    year = {2012},
    journal = {Didactica Slovenica - Pedagoska Obzorja},
    author = {Valero-Valenzuela, A. and Conde-S{\'{a}}nchez, A. and Delgado-Fern{\'{a}}ndez, M. and Conde-Caveda, J.L. and De La Cruz-S{\'{a}}nchez, E.},
    number = {3-4},
    volume = {27},
    issn = {03531392},
    keywords = {Instructional models, Physical education, Sport}
}