@article{Saez-Castillo2017DetectingModel,
    title = {{Detecting over- and under-dispersion in zero inflated data with the hyper-Poisson regression model}},
    year = {2017},
    journal = {Statistical Papers},
    author = {S{\'{a}}ez-Castillo, Antonio J. and Conde-S{\'{a}}nchez, Antonio},
    number = {1},
    month = {3},
    pages = {19--33},
    volume = {58},
    url = {http://link.springer.com/10.1007/s00362-015-0683-1},
    doi = {10.1007/s00362-015-0683-1},
    issn = {0932-5026}
}

@article{Olmo-Jimenez2011ADistribution,
    title = {{A generalization of the bivariate Beta-Binomial distribution}},
    year = {2011},
    author = {Olmo-Jim{\'{e}}nez, M J and Mart{\'{i}}nez-Rodr{\'{i}}guez, A M and Conde-S{\'{a}}nchez, A and Rodr{\'{i}}guez-Avi, J},
    url = {http://www.scopus.com/inward/record.url?eid=2-s2.0-79952252839&partnerID=MN8TOARS},
    doi = {10.1016/j.jspi.2011.01.011}
}

@article{Martinez-Rodriguez2011ModellingDistribution,
    title = {{Modelling using an extended Yule distribution}},
    year = {2011},
    author = {Mart{\'{i}}nez-Rodr{\'{i}}guez, A M and S{\'{a}}ez-Castillo, A J and Conde-S{\'{a}}nchez, A},
    url = {http://www.scopus.com/inward/record.url?eid=2-s2.0-77958057375&partnerID=MN8TOARS},
    doi = {10.1016/j.csda.2010.07.014}
}

@article{Hernndez2011TraditionalCompetitividad,
    title = {{Traditional olive growing system: Strategic alternatives to improve competitiveness | El olivar tradicional: alternativas estrat{\'{e}}gicas de competitividad}},
    year = {2011},
    author = {Her{\'{n}}ndez, P J V and Velasco Ç´m.ez., M D M and Poyatos, P R and Mart{\'{i}}nez Rodriguez, A M},
    url = {http://www.scopus.com/inward/record.url?eid=2-s2.0-79952947179&partnerID=MN8TOARS},
    doi = {10.3989/gya.091610}
}

@article{Rodriguez-Avi2009AData,
    title = {{A generalized Waring regression model for count data}},
    year = {2009},
    author = {Rodr{\'{i}}guez-Avi, J and Conde-S{\'{a}}nchez, A and S{\'{a}}ez-Castillo, A J and Olmo-Jim{\'{e}}nez, M J and Mart{\'{i}}nez-Rodr{\'{i}}guez, A M},
    url = {http://www.scopus.com/inward/record.url?eid=2-s2.0-67349149644&partnerID=MN8TOARS},
    doi = {10.1016/j.csda.2009.03.013}
}

@article{Martinez-Rodriguez2008AnNetworks,
    title = {{An optimization-based approach for the design of Bayesian networks}},
    year = {2008},
    author = {Mart{\'{i}}nez-Rodr{\'{i}}guez, A M and May, J H and Vargas, L G},
    url = {http://www.scopus.com/inward/record.url?eid=2-s2.0-49849086680&partnerID=MN8TOARS},
    doi = {10.1016/j.mcm.2008.01.007}
}

@article{Valenzuela2007RelationAnos,
    title = {{Relation of the physical-sport activity practice and alcohol consumption of citizens older than 14 years old | Relaci{\'{o}}n entre la pr{\'{a}}ctica de actividad f{\'{i}}sico- deportiva y el consumo de alcohol de los ciudadanos de m{\'{a}}s de 14 a{\~{n}}os}},
    year = {2007},
    author = {Valenzuela, A V and Ruiz Juan, F and Garc{\'{i}}a Montes, Ma.E. and Gallegos, A G and Rodr{\'{i}}guez, A M M},
    url = {http://www.scopus.com/inward/record.url?eid=2-s2.0-34948825948&partnerID=MN8TOARS}
}